@BOOK{zhe03,
	title={日本历史},
	publisher={高等教育出版社},
	year={2003},
	author={浙江大学日本文化研究所},
	address={北京}
}
@article{shi91,
  title={幕藩体制下日本武士阶级的精神观念形态},
  author={施超伦},
  journal={世界历史},
  volume={1},
  pages={007},
  year={1991}
}
@misc{knight13,
	title={Knight},
	howpublished={\url{http://www.etymonline.com/index.php?term=knight&allowed_in_frame=0}},
	year={2013},
	author={Online Etymology Dictionary}
}
@book{edge88,
  title={Arms \& armor of the medieval knight},
  author={Edge, David and Paddock, John Miles},
  year={1988},
  publisher={Crescent Books}
}
@article{liu99,
  title={禅宗与日本文化},
  author={刘毅},
  journal={日本学刊},
  volume={2},
  pages={79--93},
  year={1999}
}
